<record><leader>00000cas a22000007a 4500</leader><controlfield tag="001">13430487</controlfield><controlfield tag="008">860414d18381843pauwr ne      0    0eng d</controlfield><datafield ind1=" " ind2=" " tag="010"><subfield code="a">sn 86081294 </subfield></datafield><datafield ind1=" " ind2=" " tag="040"><subfield code="a">NPH</subfield><subfield code="b">eng</subfield><subfield code="c">NPH</subfield><subfield code="d">NPX</subfield><subfield code="d">OCLCQ</subfield></datafield><datafield ind1=" " ind2=" " tag="042"><subfield code="a">msc</subfield></datafield><datafield ind1="0" ind2="0" tag="245"><subfield code="a">Mifflin County gazette, and farmers' and mechanics' journal.</subfield></datafield><datafield ind1=" " ind2=" " tag="260"><subfield code="a">Lewistown, Pa. :</subfield><subfield code="b">F.C. Merklein</subfield></datafield><datafield ind1=" " ind2=" " tag="300"><subfield code="a">v. ;</subfield><subfield code="c">55 cm.</subfield></datafield><datafield ind1=" " ind2=" " tag="310"><subfield code="a">Weekly</subfield></datafield><datafield ind1="1" ind2=" " tag="362"><subfield code="a">Began in 1838?</subfield></datafield><datafield ind1="1" ind2=" " tag="362"><subfield code="a">Ceased in 1843.</subfield><subfield code="z">Cf. Hist. of ... the Susquehanna and Juniata Valleys ... Pa., 1886.</subfield></datafield><datafield ind1=" " ind2=" " tag="500"><subfield code="a">Publishers: F.C. Merklein, &lt;1839&gt;; H. Leibert, &lt;1841&gt;.</subfield></datafield><datafield ind1=" " ind2=" " tag="588"><subfield code="a">Description based on: Vol. 2, no. 23 (Mar. 29, 1839).</subfield></datafield><datafield ind1=" " ind2=" " tag="752"><subfield code="a">United States</subfield><subfield code="b">Pennsylvania</subfield><subfield code="c">Mifflin</subfield><subfield code="d">Lewistown.</subfield></datafield><datafield ind1="0" ind2="0" tag="780"><subfield code="t">Juniata gazette, and farmers' and mechanics' journal</subfield><subfield code="w">(DLC)sn 86081298</subfield></datafield><datafield ind1="0" ind2="0" tag="785"><subfield code="t">Mifflin County gazette</subfield><subfield code="w">(DLC)sn 86081293</subfield></datafield></record>